@inproceedings{kolter2011redd,
  title={REDD: A public data set for energy disaggregation research},
  author={Kolter, J Zico and Johnson, Matthew J},
  booktitle={Workshop on Data Mining Applications in Sustainability (SIGKDD), San Diego, CA},
  year={2011}
}

@inproceedings{anderson2012blued,
  title={BLUED: a fully labeled public dataset for Event-Based Non-Intrusive load monitoring research},
  author={Anderson, Kyle and Ocneanu, Adrian and Benitez, Diego and Carlson, Derrick and Rowe, Anthony and Berges, Mario},
  booktitle={Proceedings of the 2nd KDD Workshop on Data Mining Applications in Sustainability, Beijing, China},
  pages={12--16},
  year={2012}
}

