@article{richardson2008high,
  title={A high-resolution domestic building occupancy model for energy demand simulations},
  author={Richardson, Ian and Thomson, Murray and Infield, David},
  journal={Energy and Buildings},
  volume={40},
  number={8},
  pages={1560--1566},
  year={2008},
  publisher={Elsevier}
}

@misc{CABE,
  title = {CABE Dwelling Size Study},
  howpublished = {\url{http://data.gov.uk/dataset/floor-space-data-for-english-houses-and-flats-may-2010}},
  year = {2011},
  note = {Accessed: 2014-07-02}
}

@misc{SAP,
  title = {The Government's Standard Assessment Procedure for Energy Rating of Dwellings},
  howpublished = {\url{http://www.bre.co.uk/filelibrary/SAP/2012/SAP-2012_9-92.pdf}},
  year = {2012},
  note = {Accessed: 2010-07-02}
}
