@misc{ecuk_data,
  title = {Energy Consumption in the UK (2014)},
  howpublished = {\url{https://www.gov.uk/government/statistics/energy-consumption-in-the-uk}},
  year = {2014},
  note = {Accessed: 2014-07-02}
}

@article{hennig2012entropy,
  title={Entropy search for information-efficient global optimization},
  author={Hennig, Philipp and Schuler, Christian J},
  journal={The Journal of Machine Learning Research},
  volume={98888},
  number={1},
  pages={1809--1837},
  year={2012},
  publisher={JMLR. org}
}

@article{jones2001taxonomy,
  title={A taxonomy of global optimization methods based on response surfaces},
  author={Jones, Donald R},
  journal={Journal of global optimization},
  volume={21},
  number={4},
  pages={345--383},
  year={2001},
  publisher={Springer}
}

@inproceedings{snoek2012practical,
  title={Practical {B}ayesian optimization of machine learning algorithms},
  author={Snoek, Jasper and Larochelle, Hugo and Adams, Ryan P},
  booktitle={Advances in Neural Information Processing Systems},
  pages={2951--2959},
  year={2012}
}


@inproceedings{ramchurn2011agent,
  title={Agent-based control for decentralised demand side management in the smart grid},
  author={Ramchurn, Sarvapali D and Vytelingum, Perukrishnen and Rogers, Alex and Jennings, Nick},
  booktitle={The 10th International Conference on Autonomous Agents and Multiagent Systems-Volume 1},
  pages={5--12},
  year={2011},
  organization={International Foundation for Autonomous Agents and Multiagent Systems}
}


@inproceedings{garnettgaussian,
  title={Gaussian processes for global optimization},
  author={Osborne, Michael A and Garnett, Roman and Roberts, Stephen J},
  booktitle={3rd international conference on learning and intelligent optimization (LION3)},
  pages={1--15},
  year={2009},
  organization={Citeseer}
}

@article{jones1993lipschitzian,
  title={Lipschitzian optimization without the {L}ipschitz constant},
  author={Jones, Donald R and Perttunen, Cary D and Stuckman, Bruce E},
  journal={Journal of Optimization Theory and Applications},
  volume={79},
  number={1},
  pages={157--181},
  year={1993},
  publisher={Springer}
}

@article{rogers2011adaptive,
  title={Adaptive home heating control through {G}aussian process prediction and mathematical programming},
  author={Rogers, Alex and Maleki, Sasan and Ghosh, Siddhartha and Jennings, Nicholas R},
  year={2011}
}

@inproceedings{ramchurn2013agentswitch,
  title={Agent{S}witch: towards smart energy tariff selection},
  author={Ramchurn, Sarvapali D and Osborne, Michael and Parson, Oliver and Rahwan, Talal and Maleki, Sasan and Reece, Steve and Huynh, Trung D and Alam, Muddasser and Fischer, Joel E and Rodden, Tom and others},
  booktitle={Proceedings of the 2013 international conference on Autonomous agents and multi-agent systems},
  pages={981--988},
  year={2013},
  organization={International Foundation for Autonomous Agents and Multiagent Systems}
}

@misc{warmfront,
  title = {Warm Front Home Energy Efficiency Scheme},
  howpublished = {\url{https://www.gov.uk/warm-front-scheme}},
  note = {Accessed: 2014-09-22}
}
@misc{nest,
  title = {nest thermostat website},
  howpublished = {\url{https://nest.com/uk/thermostat/life-with-nest-thermostat/}},
  note = {Accessed: 2014-08-19}
}
@misc{tado,
  title = {tado intelligent climate control thermostat website},
  howpublished = {\url{http://www.tado.com/de-en/heating-control}},
  note = {Accessed: 2014-08-19}
}
@misc{honeywell,
  title = {honeywell evohome website},
  howpublished = {\url{http://evohome.honeywell.com/}},
  note = {Accessed: 2014-08-19}
}
@article{richardson2008high,
  title={A high-resolution domestic building occupancy model for energy demand simulations},
  author={Richardson, Ian and Thomson, Murray and Infield, David},
  journal={Energy and Buildings},
  volume={40},
  number={8},
  pages={1560--1566},
  year={2008},
  publisher={Elsevier}
}

@misc{CABE,
  title = {{CABE} Dwelling Size Study},
  howpublished = {\url{http://data.gov.uk/dataset/floor-space-data-for-english-houses-and-flats-may-2010}},
  year = {2011},
  note = {Accessed: 2014-07-02}

@misc{SAP,
  title = {The Government's Standard Assessment Procedure for Energy Rating of Dwellings},
  howpublished = {\url{http://www.bre.co.uk/filelibrary/SAP/2012/SAP-2012_9-92.pdf}},
  year = {2012},
  note = {Accessed: 2014-07-02}
}


@misc{govfuelpov,
  title = {Fuel poverty report: annual report on statistics 2014},
  howpublished = {\url{https://www.gov.uk/government/statistics/annual-fuel-poverty-statistics-report-2014}},
  year = {2012},
  note = {Accessed: 2014-07-02}
}

@article{ramchurn2011agenthomeo,
  title={Agent-based homeostatic control for green energy in the smart grid},
  author={Ramchurn, Sarvapali D and Vytelingum, Perukrishnen and Rogers, Alex and Jennings, Nicholas R},
  journal={ACM Transactions on Intelligent Systems and Technology (TIST)},
  volume={2},
  number={4},
  pages={35},
  year={2011},
  publisher={ACM}
}

@article{wang2014bayesian,
  title={Bayesian Multi-Scale Optimistic Optimization},
  author={Wang, Ziyu and Shakibi, Babak and Jin, Lin and de Freitas, Nando},
  journal={arXiv preprint arXiv:1402.7005},
  year={2014}
}
@inproceedings{murray2010slice,
  title={Slice sampling covariance hyperparameters of latent {G}aussian models},
  author={Murray, Iain and Adams, Ryan P},
  booktitle={Advances in Neural Information Processing Systems},
  pages={1732--1740},
  year={2010}
}
@inproceedings{rogers2012delivering,
  title={Delivering the Smart Grid: Challenges for Autonomous Agents and Multi-Agent Systems Research.},
  author={Rogers, Alex and Ramchurn, Sarvapali D and Jennings, Nicholas R},
  booktitle={AAAI},
  year={2012}
}

